<?xml version="1.0" encoding="UTF-8"?><collection xmlns="http://www.loc.gov/MARC21/slim"><record><leader>00526nam--2200181-i-4500</leader><controlfield tag="001">000012939</controlfield><controlfield tag="002">20161230</controlfield><controlfield tag="005">20161230201030</controlfield><controlfield tag="008">060222s1000------------r-----000-0-fre-d</controlfield><datafield ind1=" " ind2=" " tag="040"><subfield code="a">IFIN-HH</subfield></datafield><datafield ind1=" " ind2=" " tag="041"><subfield code="a">fre</subfield></datafield><datafield ind1=" " ind2=" " tag="080"><subfield code="a">539.213(043)</subfield></datafield><datafield ind1="1" ind2=" " tag="100"><subfield code="a">Abou-jaoude,Saab</subfield></datafield><datafield ind1="1" ind2="0" tag="245"><subfield code="a">La convergence l1 l et l de certaine estimateurs d'une densite de probabilite. these</subfield><subfield code="c">Saab Abou-Jaoude</subfield></datafield><datafield ind1=" " ind2=" " tag="260"><subfield code="a">Paris, L Universite Pierre Et Marie Curie, 1977</subfield></datafield><datafield ind1=" " ind2=" " tag="300"><subfield code="a">158P</subfield></datafield><datafield ind1=" " ind2=" " tag="852"><subfield code="a">46814</subfield><subfield code="c">519.2</subfield></datafield><datafield ind1=" " ind2=" " tag="CAT"><subfield code="a">Sys</subfield><subfield code="c">20100607</subfield><subfield code="h">140043</subfield></datafield></record></collection>